<record><leader>00000cas a22000007a 4500</leader><controlfield tag="001">2253123</controlfield><controlfield tag="008">760620d18861916nduwr ne      0    0eng d</controlfield><datafield ind1=" " ind2=" " tag="010"><subfield code="a">sn 88076976 </subfield></datafield><datafield ind1=" " ind2=" " tag="040"><subfield code="a">MUL</subfield><subfield code="b">eng</subfield><subfield code="c">MUL</subfield><subfield code="d">NOP</subfield><subfield code="d">OCLCQ</subfield></datafield><datafield ind1=" " ind2=" " tag="042"><subfield code="a">msc</subfield></datafield><datafield ind1="0" ind2="4" tag="245"><subfield code="a">The Pink paper.</subfield></datafield><datafield ind1=" " ind2=" " tag="260"><subfield code="a">Bathgate, N.D. :</subfield><subfield code="b">Frank A. Willson</subfield></datafield><datafield ind1=" " ind2=" " tag="300"><subfield code="a">v. :</subfield><subfield code="b">ill. ;</subfield><subfield code="c">56 cm.</subfield></datafield><datafield ind1=" " ind2=" " tag="310"><subfield code="a">Weekly</subfield></datafield><datafield ind1="1" ind2=" " tag="362"><subfield code="a">Began in 1886? Ceased Nov. 15, 1916?</subfield></datafield><datafield ind1=" " ind2=" " tag="500"><subfield code="a">"Official county paper."</subfield></datafield><datafield ind1=" " ind2=" " tag="500"><subfield code="a">Published also briefly at Hamilton.</subfield></datafield><datafield ind1=" " ind2=" " tag="500"><subfield code="a">Includes sections: The Cavalier journal, and The Hamiltonian.</subfield></datafield><datafield ind1=" " ind2=" " tag="500"><subfield code="a">Printed on pink newsprint.</subfield></datafield><datafield ind1=" " ind2=" " tag="515"><subfield code="a">Volume numbering jumps from v. 7 to v. 21 in 1902-1903.</subfield></datafield><datafield ind1=" " ind2=" " tag="530"><subfield code="a">Available on microfilm from the State Historical Society of North Dakota.</subfield></datafield><datafield ind1=" " ind2=" " tag="580"><subfield code="a">Sometimes issued with The oak leaf.</subfield></datafield><datafield ind1=" " ind2=" " tag="588"><subfield code="a">Description based on: Vol. 4, no. 6 (May 10, 1899).</subfield></datafield><datafield ind1="0" ind2=" " tag="730"><subfield code="a">Cavalier journal.</subfield></datafield><datafield ind1="0" ind2=" " tag="730"><subfield code="a">Hamiltonian.</subfield></datafield><datafield ind1=" " ind2=" " tag="752"><subfield code="a">United States</subfield><subfield code="b">North Dakota</subfield><subfield code="c">Pembina</subfield><subfield code="d">Bathgate.</subfield></datafield><datafield ind1=" " ind2=" " tag="752"><subfield code="a">United States</subfield><subfield code="b">North Dakota</subfield><subfield code="c">Pembina</subfield><subfield code="d">Hamilton.</subfield></datafield><datafield ind1="0" ind2=" " tag="777"><subfield code="a">Oak leaf (Neche, N.D.)</subfield><subfield code="w">(DLC)sn 89074985</subfield></datafield><datafield ind1="1" ind2=" " tag="029"><subfield code="a">AU@</subfield><subfield code="b">000025840668</subfield></datafield></record>